@book{bolder2018credit,
	title={Credit-Risk Modelling},
	author={Bolder, David Jamieson},
	year={2018},
	publisher={Springer}
}